<record><leader>00000cas a2200000 a 4500</leader><controlfield tag="001">11092856</controlfield><controlfield tag="008">840827d18381859nyuwr ne      0    0eng c</controlfield><datafield ind1=" " ind2=" " tag="010"><subfield code="a">sn 84024296 </subfield></datafield><datafield ind1=" " ind2=" " tag="040"><subfield code="a">NPV</subfield><subfield code="b">eng</subfield><subfield code="c">NPV</subfield><subfield code="d">NPX</subfield><subfield code="d">NYS</subfield><subfield code="d">OCL</subfield><subfield code="d">NYS</subfield><subfield code="d">OCLCQ</subfield><subfield code="d">DLC</subfield><subfield code="d">OCLCQ</subfield><subfield code="d">OCLCF</subfield><subfield code="d">AQM</subfield></datafield><datafield ind1="1" ind2=" " tag="029"><subfield code="a">AU@</subfield><subfield code="b">000020119487</subfield></datafield><datafield ind1=" " ind2=" " tag="042"><subfield code="a">pcc</subfield></datafield><datafield ind1=" " ind2=" " tag="043"><subfield code="a">n-us-ny</subfield></datafield><datafield ind1="0" ind2="0" tag="050"><subfield code="a">Newspaper</subfield></datafield><datafield ind1="0" ind2=" " tag="130"><subfield code="a">Northern journal (Lowville, N.Y.)</subfield></datafield><datafield ind1="1" ind2="0" tag="245"><subfield code="a">Northern journal.</subfield></datafield><datafield ind1=" " ind2=" " tag="260"><subfield code="a">Lowville, N.Y. :</subfield><subfield code="b">Ambrose W. Clark,</subfield><subfield code="c">1838-[1859]</subfield></datafield><datafield ind1=" " ind2=" " tag="300"><subfield code="a">v. :</subfield><subfield code="b">ill. ;</subfield><subfield code="c">61 cm.</subfield></datafield><datafield ind1=" " ind2=" " tag="310"><subfield code="a">Weekly</subfield></datafield><datafield ind1="0" ind2=" " tag="362"><subfield code="a">Vol. 1, no. 1 (Feb. 22, 1838)-</subfield></datafield><datafield ind1="1" ind2=" " tag="362"><subfield code="a">Ceased in Dec. 1859.</subfield><subfield code="z">Cf. Hough, F.B. Hist. of Lewis Co., N.Y., 1883.</subfield></datafield><datafield ind1=" " ind2=" " tag="500"><subfield code="a">Publishers: Ambrose W. Clark, 1838-1846; Edwin R. Colston, 1846-1848; J.C. Easton &amp; Co., 1848; Easton &amp; Rising, 1848; J.C. Easton, 1848; Wm. Oland Bourne, 1848-&lt;1849&gt;; J.C. Easton, &lt;1850-1852&gt;; Cordial Storrs, Jr., &lt;1854-1855&gt;; George W. Fowler, &lt;1856&gt;-1858; Henry A. Phillips, 1858-</subfield></datafield><datafield ind1=" " ind2="0" tag="651"><subfield code="a">Lowville (N.Y.)</subfield><subfield code="v">Newspapers.</subfield></datafield><datafield ind1=" " ind2="0" tag="651"><subfield code="a">Lewis County (N.Y.)</subfield><subfield code="v">Newspapers.</subfield></datafield><datafield ind1=" " ind2="7" tag="651"><subfield code="a">New York (State)</subfield><subfield code="z">Lewis County.</subfield><subfield code="2">fast</subfield><subfield code="0">(OCoLC)fst01219434</subfield></datafield><datafield ind1=" " ind2="7" tag="651"><subfield code="a">New York (State)</subfield><subfield code="z">Lowville.</subfield><subfield code="2">fast</subfield><subfield code="0">(OCoLC)fst01220447</subfield></datafield><datafield ind1=" " ind2="7" tag="655"><subfield code="a">Newspapers.</subfield><subfield code="2">fast</subfield><subfield code="0">(OCoLC)fst01423814</subfield></datafield><datafield ind1=" " ind2="7" tag="655"><subfield code="a">Newspapers.</subfield><subfield code="2">rbgenr</subfield></datafield><datafield ind1=" " ind2=" " tag="752"><subfield code="a">United States</subfield><subfield code="b">New York</subfield><subfield code="c">Lewis</subfield><subfield code="d">Lowville.</subfield></datafield><datafield ind1="0" ind2="7" tag="785"><subfield code="t">Lewis County Republican</subfield><subfield code="w">(DLC)sn 83031248</subfield><subfield code="w">(OCoLC)10009733</subfield></datafield><datafield ind1="0" ind2="7" tag="785"><subfield code="t">Journal and Republican (Lowville, N.Y. : 1860)</subfield><subfield code="w">(DLC)sn 83031789</subfield><subfield code="w">(OCoLC)9972200</subfield></datafield></record>